@book{trefethen2022numerical,
  title={Numerical linear algebra},
  author={Trefethen, Lloyd N and Bau, David},
  year={2022},
  publisher={SIAM}
}

@book{borm2012numerical,
  title={Numerical methods for eigenvalue problems},
  author={B{\"o}rm, Steffen and Mehl, Christian},
  year={2012},
  publisher={Walter de Gruyter}
}